
@article{kort1957predicting,
  title={Predicting Supreme Court Decisions Mathematically: A Quantitative Analysis of the" Right to Counsel" Cases},
  author={Kort, Fred},
  journal={The American Political Science Review},
  volume={51},
  number={1},
  pages={1--12},
  year={1957},
  publisher={JSTOR}
}

@article{ulmer1963quantitative,
  title={Quantitative Analysis of Judicial Processes: Some Practical and Theoretical Applications},
  author={Ulmer, S Sidney},
  journal={Law and Contemporary Problems},
  volume={28},
  number={1},
  pages={164--184},
  year={1963},
  publisher={JSTOR}
}

@article{segal1984predicting,
  title={Predicting Supreme Court Cases Probabilistically: The Search and Seizure Cases, 1962-1981},
  author={Segal, Jeffrey A},
  journal={The American Political Science Review},
  pages={891--900},
  year={1984},
  publisher={JSTOR}
}

@inproceedings{liu2006exploring,
  title={Exploring phrase-based classification of judicial documents for criminal charges in chinese},
  author={Liu, Chao-Lin and Hsieh, Chwen-Dar},
  booktitle={Proceedings of the 16th international conference on Foundations of Intelligent Systems},
  pages={681--690},
  year={2006},
  organization={Springer-Verlag}
}

@article{lin2012exploiting,
  title={Exploiting machine learning models for chinese legal documents labeling, case classification, and sentencing prediction},
  author={Lin, Wan-Chen and Kuo, Tsung-Ting and Chang, Tung-Jia},
  year={2012}
}

@article{aletras2016predicting,
  title={Predicting judicial decisions of the European Court of Human Rights: A natural language processing perspective},
  author={Aletras, Nikolaos and Tsarapatsanis, Dimitrios and Preo{\c{t}}iuc-Pietro, Daniel and Lampos, Vasileios},
  journal={PeerJ Computer Science},
  volume={2},
  pages={e93},
  year={2016},
  publisher={PeerJ Inc.}
}

@inproceedings{luo2017learning,
  title={Learning to Predict Charges for Criminal Cases with Legal Basis},
  author={Luo, Bingfeng and Feng, Yansong and Xu, Jianbo and Zhang, Xiang and Zhao, Dongyan},
  booktitle={Proceedings of the 2017 Conference on Empirical Methods in Natural Language Processing},
  pages={2727--2736},
  year={2017}
}


@inproceedings{hu2018few,
  title={Few-shot charge prediction with discriminative legal attributes},
  author={Hu, Zikun and Li, Xiang and Tu, Cunchao and Liu, Zhiyuan and Sun, Maosong},
  booktitle={Proceedings of the 27th International Conference on Computational Linguistics},
  pages={487--498},
  year={2018}
}

@article{rajpurkar2016squad,
  title={Squad: 100,000+ questions for machine comprehension of text},
  author={Rajpurkar, Pranav and Zhang, Jian and Lopyrev, Konstantin and Liang, Percy},
  journal={arXiv preprint arXiv:1606.05250},
  year={2016}
}

@article{nguyen2016ms,
  title={MS MARCO: A human generated machine reading comprehension dataset},
  author={Nguyen, Tri and Rosenberg, Mir and Song, Xia and Gao, Jianfeng and Tiwary, Saurabh and Majumder, Rangan and Deng, Li},
  journal={arXiv preprint arXiv:1611.09268},
  year={2016}
}

@article{trischler2016newsqa,
  title={Newsqa: A machine comprehension dataset},
  author={Trischler, Adam and Wang, Tong and Yuan, Xingdi and Harris, Justin and Sordoni, Alessandro and Bachman, Philip and Suleman, Kaheer},
  journal={arXiv preprint arXiv:1611.09830},
  year={2016}
}

@article{clark2018think,
  title={Think you have solved question answering? try arc, the ai2 reasoning challenge},
  author={Clark, Peter and Cowhey, Isaac and Etzioni, Oren and Khot, Tushar and Sabharwal, Ashish and Schoenick, Carissa and Tafjord, Oyvind},
  journal={arXiv preprint arXiv:1803.05457},
  year={2018}
}

@article{kwiatkowski2019natural,
  title={Natural questions: a benchmark for question answering research},
  author={Kwiatkowski, Tom and Palomaki, Jennimaria and Rhinehart, Olivia and Collins, Michael and Parikh, Ankur and Alberti, Chris and Epstein, Danielle and Polosukhin, Illia and Kelcey, Matthew and Devlin, Jacob and others},
  year={2019}
}

@inproceedings{krizhevsky2012imagenet,
  title={Imagenet classification with deep convolutional neural networks},
  author={Krizhevsky, Alex and Sutskever, Ilya and Hinton, Geoffrey E},
  booktitle={Advances in neural information processing systems},
  pages={1097--1105},
  year={2012}
}

@article{kim2014convolutional,
  title={Convolutional neural networks for sentence classification},
  author={Kim, Yoon},
  journal={arXiv preprint arXiv:1408.5882},
  year={2014}
}

@article{khan2010review,
  title={A review of machine learning algorithms for text-documents classification},
  author={Khan, Aurangzeb and Baharudin, Baharum and Lee, Lam Hong and Khan, Khairullah},
  journal={Journal of advances in information technology},
  volume={1},
  number={1},
  pages={4--20},
  year={2010},
  publisher={Academy Publisher, PO Box 40 Oulu 90571 Finland}
}

@inproceedings{tang2015document,
  title={Document modeling with gated recurrent neural network for sentiment classification},
  author={Tang, Duyu and Qin, Bing and Liu, Ting},
  booktitle={Proceedings of the 2015 conference on empirical methods in natural language processing},
  pages={1422--1432},
  year={2015}
}

@inproceedings{shen2018legal,
  title={Legal Article-Aware End-To-End Memory Network for Charge Prediction},
  author={Shen, Yatian and Sun, Jun and Li, Xiaopeng and Zhang, Lei and Li, Yan and Shen, Xiajiong},
  booktitle={Proceedings of the 2nd International Conference on Computer Science and Application Engineering},
  pages={92},
  year={2018},
  organization={ACM}
}

@book{rosenblatt1962perceptions,
  title={Perceptions and the theory of brain mechanisms},
  author={Rosenblatt, Frank},
  year={1962},
  publisher={Spartan books}
}

@article{salton1975vector,
  title={A vector space model for automatic indexing},
  author={Salton, Gerard and Wong, Anita and Yang, Chung-Shu},
  journal={Communications of the ACM},
  volume={18},
  number={11},
  pages={613--620},
  year={1975},
  publisher={ACM}
}

@article{robertson1976relevance,
  title={Relevance weighting of search terms},
  author={Robertson, Stephen E and Jones, K Sparck},
  journal={Journal of the American Society for Information science},
  volume={27},
  number={3},
  pages={129--146},
  year={1976},
  publisher={Wiley Online Library}
}

@article{liu2009learning,
  title={Learning to rank for information retrieval},
  author={Liu, Tie-Yan and others},
  journal={Foundations and Trends{\textregistered} in Information Retrieval},
  volume={3},
  number={3},
  pages={225--331},
  year={2009},
  publisher={Now Publishers, Inc.}
}

@article{li2011learning,
  title={Learning to rank for information retrieval and natural language processing},
  author={Li, Hang},
  journal={Synthesis Lectures on Human Language Technologies},
  volume={4},
  number={1},
  pages={1--113},
  year={2011},
  publisher={Morgan \& Claypool Publishers}
}

@article{hinton2012deep,
  title={Deep neural networks for acoustic modeling in speech recognition},
  author={Hinton, Geoffrey and Deng, Li and Yu, Dong and Dahl, George and Mohamed, Abdel-rahman and Jaitly, Navdeep and Senior, Andrew and Vanhoucke, Vincent and Nguyen, Patrick and Kingsbury, Brian and others},
  journal={IEEE Signal processing magazine},
  volume={29},
  year={2012}
}

@inproceedings{krizhevsky2012imagenet,
  title={Imagenet classification with deep convolutional neural networks},
  author={Krizhevsky, Alex and Sutskever, Ilya and Hinton, Geoffrey E},
  booktitle={Advances in neural information processing systems},
  pages={1097--1105},
  year={2012}
}

@article{lecun2015deep,
  title={Deep learning},
  author={LeCun, Yann and Bengio, Yoshua and Hinton, Geoffrey},
  journal={nature},
  volume={521},
  number={7553},
  pages={436},
  year={2015},
  publisher={Nature Publishing Group}
}

@techreport{sun2016thulac,
  title={Thulac: An efficient lexical analyzer for chinese},
  author={Sun, Maosong and Chen, Xinxiong and Zhang, Kaixu and Guo, Zhipeng and Liu, Zhiyuan},
  year={2016},
  institution={Technical Report. Technical Report}
}

@inproceedings{mikolov2013distributed,
  title={Distributed representations of words and phrases and their compositionality},
  author={Mikolov, Tomas and Sutskever, Ilya and Chen, Kai and Corrado, Greg S and Dean, Jeff},
  booktitle={Advances in neural information processing systems},
  pages={3111--3119},
  year={2013}
}

@article{hochreiter1997long,
  title={Long short-term memory},
  author={Hochreiter, Sepp and Schmidhuber, J{\"u}rgen},
  journal={Neural computation},
  volume={9},
  number={8},
  pages={1735--1780},
  year={1997},
  publisher={MIT Press}
}